% This file was created with JabRef 2.4.2.
% Encoding: Cp1252
% AUTOR NO FINAL, digito em maiuscula (BUSTOS). No meio do texto, em minisculo (Bustos)
%###########################ARTIGOS###########################

@book{tukey,
  title={The problem of multiple comparisons},
  author={Tukey, John Wilder},
  year={1953},
  address = {Princeton, NJ},
  publisher={Princeton University}
  }

@book{roberts2014student,
  title={A Student's Guide to Analysis of Variance},
  author={Roberts, M. and Russo, R.},
  isbn={9781317725053},
  url={https://books.google.com.br/books?id=s1u4AwAAQBAJ},
  year={2014},
  publisher={Taylor and Francis}
}

@inproceedings{Cirillo, AUTHOR={M. A. Cirillo},
Title={Reamostragem e simulação: uma introdução.},
booktitle={Anais...},
organization={ENCONTRO MINEIRO DE ESTATÍSTICA.; II SEMANA DA MATEMÁTICA},
conference-number={12},
conference-year={2013},
year = {2013},
pages = {44},
address = {Uberlândia},
publisher = {UFU},
}


@inproceedings{Machado,
author={A A Machado and C G B DEMÉTRIO and D F FERREIRA and J G C SILVA and B A Machado and C A Machado},
booktitle={Anais...},
Title={Estatística experimental: uma abordagem fundamentada no planejamento e no uso de recursos computacionais.},
organization={In: REUNIÃO
ANUAL DA REGIÃO BRASILEIRA DA SOCIEDADE INTERNACIONAL DE BIOMETRIA, 50.; SIMPÓSIO DE ESTATÍSTICA APLICADA À EXPERIMENTAÇÃO AGRONÔMICA}, 
conference-number={11},
conference-year={2005},
year = {2005},
pages = {290}, 
address = {Londrina},
}


  
     @Manual{R,
       title = {{R}: A Language and Environment for Statistical Computing},
       author = {{R{ }CORE{ }TEAM}},
       organization = {R Foundation for Statistical Computing},
       address = {Vienna, Austria},
       year = {2014},
       url = {http://www.R-project.org/},
     }

@ARTICLE{Agresti,
  author = {A. Agresti and B.A. Coull},
  title = {Aproximate is better than ``exact'' for interval estimation of binomial
	proportions.},
  journal = {American Statistician},
  year = {1998},
  volume = {52},
  pages = {119-126},
  month = {May.}
}

@ARTICLE{Santos,
  title={Fundamento dos testes estat{\'\i}sticos e sua aplicabilidade em ensaios experimentais com animais},
  author={Santos, {\'E}der Clementino dos and Santos, Elesandre Clementino dos and Mesquita, Mar{\'\i}lia Fortunato Silva},
  journal={Revista Agrogeoambiental},
  volume={2},
  number={3},
  year={2010}
}

@ARTICLE{Scott,
  title={A cluster analysis method for grouping
  means in the analysis of variance.},
  author={A. J. Scott and M. Knott},
  journal={Biometrics},
  volume={30},
  number={3},
  year={1974}
   pages = {507-512},
}

@ARTICLE{MICHELETTI,
  title={CONTROLE DE Cerconota anonella (SEPP.) (LEP.: OECOPHORIDAE) E DE
  Bephratelloides pomorum (FAB.) (HYM.: EURYTOMIDAE) EM FRUTOS DE
  GRAVIOLA (Annona muricata L.).},
  author={S. M. F. B. Micheletti and A. G. S. M. Agra and G. V. S. Barbosa and F. L. Gomes and B. L. Gomes},
  journal={Revista Brasileira de Fruticultura},
  volume={23},
  number={3},
  year={2001}
   pages = {722-725},
}

@article{bhering2008alternative,
  title={Alternative methodology for Scott-Knott test},
  author={L. L. Bhering and C. D. Cruz and E. S. Vasconcelos and A. Ferreira and M. F. R. Resende Jr},
  journal={Crop Breeding and Applied technology},
  volume={8},
  number={1},
  pages={9},
  year={2008},
  publisher={Brazilian Society of Plant Breeding}
}

@ARTICLE{Girard,
  author = {L. H. Girardi and A. Cargnelutti{ }Filho and F. Storck},
  title = {Erro tipo {I} e poder de cinco testes de comparações múltipla de médias.},
  journal = {Revista Brasileira de Biometria},
  year = {2009},
  volume = {27},
  pages = {23-36},
  number = {1}
}

@ARTICLE{Calinsk,
  author = {T. Cali\'nski  and L. C. A. Corsten},
  title = {Clustering means in ANOVA by Simultaneous Testing.},
  journal = {Biometrics},
  year = {1985},
  volume = {41},
  pages = {39-48},
  number = {1}
}

@ARTICLE{Newman,
  author = {D. Newman},
  title = {The distribution of range in samples from a normal population, expressed in terms of independent estimate of a Standard deviation.},
  journal = {Biometrika},
  year = {1939},
  volume = {31},
  pages = {20-30},
}

@ARTICLE{Keuls,
  author = {M. Keuls},
  title = {The use of the Studentized range in connection with an analysis of variance.},
  journal = {Euphytica},
  year = {1952},
  volume = {1},
  pages = {112-122},
}

@ARTICLE{Duncan,
  author = {D. B. Duncan},
  title = {Multiple range end multiple Ftests.},
  journal = {Biometrics},
  year = {1955},
}

@ARTICLE{Conagin,
  author = {A. Conagin and D. Barbin and C. G. B. Demetrio},
  title = {Modifications for the Tukey Test procedure and evaluation of the power and efficiency of multiple comparison procedures.},
  journal = {Sci. Agric.},
  year = {2008},
  volume = {65},
  pages = {428-432},
  number = {4}
}

@ARTICLE{Sousa,
  author = {V. A. Sousa and M. A.  Lima Junior and L. R. C. Ferreira},
  title = {Avaliação de testes estatísticos de comparações múltiplas de médias.},
  journal = {Revista Ceres},
  year = {2012},
  volume = {59},
  pages = {350-354},
  number = {3}
}


@ARTICLE{Sousa2,
  author = {V. A. Sousa and M. A.  Lima{ }Junior and L. R. C. Ferreira},
  title = {Avaliação de testes estatísticos de comparações múltiplas de médias.},
  journal = {Rev. Ceres},
  year = {2012},
  volume = {59},
  pages = {350-354},
  number = {3}
}



@ARTICLE{Santos,
  author = {E. C. Santos and E. C. Santos and M. F. S. Mesquita},
  title = {Fundamento dos testes estatísticos e sua aplicabilidade em ensaios experimentais com animais.},
  journal = {Revista Agrogeoambiental},
  year = {2010},
  volume = {2},
  number = {3}
}

@ARTICLE{Carpenter,
  author = {J. Carpenter and J. Bithell},
  title = {\textit{Bootstrap} Confidence Intervals: When, Which, What? A practical Guide for Medical Statistician},
  journal = {Statistics in Medicine},
  year = {2000},
  volume = {19},
  pages = {1141-1164},
}

@ARTICLE{Atkinson,
  author = {A. C. Atkinson},
  title = {Fast Very Robust Methods for the Detection of Multiple Outliers .},
  journal = {Journal of the American Statistical Association, \normalfont{New York}},
  year = {1994},
  volume = {89},
  pages = {1329-1339},
  month = {Dec.},
  number = {428}
}

@ARTICLE{Silva,
  author = {E. C. Silva and D. F. Ferreira and E. Bearzoti },
  title = {Avaliação do poder e taxas de erro tipo {I} do teste de Scott-Knott por meio do método de Monte Carlo},
  journal = {Ciência Agrotécnica},
  year = {1999},
  volume = {23},
  pages = {687-696},
}

@ARTICLE{Scariano,
  author = {S. Scariano and J. Davenport},
  title = {The effects of violations of independence assumpitions in the one-way ANOVA},
journal = {The American Statistician},
  year = {1987},
  volume = {41},
  pages = {123-129},
}

@ARTICLE{Borges,
  author = {L. C. Borges and D. F. Ferreira},
  title = {Poder e taxas de erro tipo {I} dos testes Scott-Knott, Tukey e Student-Newmankeuls sob distribuições normal e não normais dos resíduos},
  journal = {Revista de Matemática e Estatística},
  year = {2003},
  volume = {21},
  pages = {67-83},
}

@ARTICLE{Biase,
  author = {N. G. Biase and D. F. Ferreira},
  title = { Testes de igualdade e de comparações múltiplas para várias proporções binomiais independentes},
  journal = {Revista Brasileira de Biometria},
  year = {2011},
  volume = {29},
  pages = {549-570},
  number = {4}
}

@ARTICLE{Ramos,
  author = {P. S. Ramos and D. F. Ferreira},
  title = { Agrupamento de médias via bootstrap de populações normais e não-normais.},
  journal = {Revista Ceres},
  year = {2009},
  volume = {56},
  pages = {140-149},
  number = {1}
}

@ARTICLE{RamosVieira,
  author = {P. S. Ramos and M. T. Vieira},
  title = { Bootstrap Multiple Comparison Procedure Based on the F Distribution.},
  journal = {Revista Brasileira de Biometria},
  year = {2014},
  volume = {31},
  pages = {529-546},
  number = {4}
}

@ARTICLE{Box,
  author = {G. E. P. Box and D. R. Cox},
  title = {An analysis of Transformations.},
  journal = {Journal of the Royal Statistical Society: \normalfont{Series B, Methodological, London}},
  year = {1964},
  volume = {26},
  pages = {211-252},
  month = {Apr.},
 number = {2}
}

@ARTICLE{Bustos,
  title = {\normalfont{Algumas ideias de robustez aplicadas a
	estimação paramétrica em series temporais. In: SIMPOSIO NACIONAL DE PROBABILIDADE E ESTATISTICA, 7., Campinas, SP.} \bf{Anais...}},
  publisher = {\normalfont{Campinas: Unicamp}},
  author = {BUSTOS, OSCAR},
  year = {1986},
  pages = {301-305}
  }


@ARTICLE{Carmer,
  author = {S.G. Carmer and N. R. Swanson},
  title = {An evaluation of ten pairwise multiple comparison procedures by Monte Carlo methods.},
   journal = {Journal of the American Statistical Association},
    year = {1973},
    volume = {68},
    pages = {66-74},
    number = {341}
}

@ARTICLE{Garcia,
  author = {S. Garcia and P. R. B. Lustosa and N. S. Barros },
  title = {Aplicabilidade do método de simulação de Monte Carlo na previsão dos custos de produção de companhias industriais: O caso da companhia vale do Rio Doce.},
   journal = {Revista de Contabilidade e Organizações},
    year = {2010},
    volume = {4},
    pages = {156-¨173},
    number = {10}
}

@ARTICLE{Conlon,
  author = {M. Conlon and R.G. Thomas},
  title = {A new confidence interval for the difference of two binomial proportions},
  journal = {Computational Statistics \& Data Analysis},
  year = {1990},
  volume = {9},
  pages = {237-241},
  number = {2}
}

@ARTICLE{Copas,
  author = {J. B. Copas},
  title = {Binary regression models for contaminated data},
  journal = {Journal of the Royal Statistical Society: \normalfont{Series B, Methodological, London}},
  month = {Apr.},
  year = {1988},
  volume = {50},
  pages = {225-265},
  number = {2}
  }

@ARTICLE{Croux,
  author = {C. CROUX and G. HAESBROECK},
  title = {Influence Functions and Efficiency of the Minimum covariance Determinant scatter Matrix Estimator},
  journal = {Journal of Multivariate Analysis, \normalfont{New York}},
  month = {Nov.},
  year = {1999},
  volume = {71},
 pages = {161-190},
  number = {2}
 }


@ARTICLE{Cunha,
  author = {U. S. da Cunha and S. do A. Machado and Figueiredo, Filho, A. },
  title = {Uso de análise exploratória de dados e de regressão robusta na avaliação do crescimento
   de espécies comerciais na terra firme da Amazônia},
  journal = {Revista Árvore, \normalfont{Viçosa, MG}},
  month = {Jul/Ago.},
  year = {2002},
  volume = {26},
  pages = {391-402},
  number = {4}
  }

@ARTICLE{Djauhari,
  author = {M. A. Djauhari},
  title = {Outlier detection: some challenging problem for future research.
  \normalfont{In: INTERNATIONAL CONFERENCE OF RESEARCH AND EDUCATION IN MATHEMATICS, 2, 2005, Kuala Lumpor.}
  \textbf{Proceeding...}},
  year = {2005. 1 CD-ROM.},
  publisher = {\normalfont{Malaysia: Universiti Putra Malaysia}}
  }

@ARTICLE{Donoho,
 author = {D. L. Donoho and P. J. Huber},
 title = {The Notion of Breakdown Point. \normalfont{In: BICKEL, P.
J. et al. \textbf{A Festschrift for Erich L. Lehmann in honor of his sixty-fifth birthday}.
Belmont: Wadsworth, 1983}},
  year = {},
  pages = {1157-1184}
  }

@ARTICLE{Filzmoser,
  author = {P. Filzmoser and R. Maronna and M. Werner},
  title = {Outlier identification in high dimensions},
  journal = {Computational Statistics and Data Analysis, \normalfont{Amsterdam}},
  month = {Jan.},
  year = {2008},
  volume = {52},
  pages = {1694-1711},
  number = {3}
  }

@ARTICLE{Hall,
  author = {D.B. Hall},
  title = {Zero-inflated Poisson and Binomial regression with random effects:
	A case study},
  journal = {Biometrics},
  year = {2000},
  volume = {56},
  pages = {1030-1039}
}

@ARTICLE{Hampel,
  author = {F. R. HAMPEL},
  title = {A general qualitative definition of robustness},
  journal = {Annals of Mathematical Statistics, \normalfont{Ann Arbor}},
  month = {Nov.},
  year = {1971},
  volume = {42},
  pages = {1887-1896},
  number = {6}
}

@ARTICLE{Herwindiati,
  author = {D. E. Herwindiati  and M. A. Djauhari and M. Mashuri},
  title = {Robust Multivariate Outlier Labeling},
  journal = {Communications in Statistics-Part B: \normalfont{Simulation and Computation},
  \normalfont{New York}},
  month = {April.},
  year = {2007},
  volume = {36},
  pages = {1287-1294},
  number = {4}
  }

@ARTICLE{Herwindiati09,
  author = {D. E. Herwindiati  and S. M. Isa},
  title = {The Robust Distance for Similarity Measure
Of Content Based Image Retrieval\normalfont{ In: WORLD CONGRESS ON ENGINEERING, 2., 2009, London.} \bf{Proceedings of the...}},
  year = {2009},
  publisher = {\normalfont{London: WCE, U. K.}},
  note = {}
  }

@ARTICLE{Huber,
  author = {P. J. Huber},
  title = {Robust Estimation of a Location Parameter},
  journal = {Annals of Mathematical Statistics, \normalfont{Ann Arbor}},
  month = {Jan.},
  year = {1964},
  volume = {35},
  number = {1},
  pages = {73-101}
}
@ARTICLE{Huber1,
  author = {P. J. Huber},
  title = {Robust Statistics: A Review},
  journal = {Annals of Mathematical Statistics, \normalfont{Ann Arbor}},
  month = {Aug.},
  year = {1972},
  volume = {43},
  number = {4},
  pages = {1041-1067}
}
@ARTICLE{Hubert,
  author = {M. HUBERT and P. J. ROUSSEEUW and S. V. AELST},
  title = {High-Breakdown Robust Multivariate Methods},
  journal = {Statistical Science, \normalfont{Ann Arbor}},
  month = {Aug.},
  year = {2008},
  volume = {23},
  number = {1},
  pages = {92-119}
}


@ARTICLE{Jhun,
  author = {M. Jhun and I. Choi},
  title = {Bootstrapping least distance estimator in the multivariate regression model},
  journal = {Computational Statistics and Data Analysis},
  month = {May},
  year = {2009},
  volume = {53},
  number = {},
  pages = {4221-4227}
}

@ARTICLE{Jung,
  author = {K. Jung},
  title = {Multivariate least-trimmed squares regression estimator},
  journal = {Computational Statistics and Data Analysis},
  month = {},
  year = {2005},
  volume = {48},
  number = {},
  pages = {307-316}
}

@ARTICLE{Kemp,
  author = {C. D. Kemp and A. W. Kemp},
  title = {Rapid estimation for discrete distributions},
  journal = {The Statistician, \normalfont{London}},
  month = {June},
  year = {1988},
  volume = {37},
  number = {2},
  pages = {243-255}
}
@ARTICLE{lange,
  author = {K. L. LANGE and J. A. L. RODERICK and J. M. G. TAYLOR},
  title = {Robust statistical modeling using the t distribution},
  journal = {Journal of the American Statistical Association, \normalfont{New York}},
  month={Dec.},
  year = {1989},
  volume = {84},
  number= {408},
  pages = {881-896}
  }


@ARTICLE{Lindsay,
  author = {B. G. Lindsay},
  title = {Efficiency Versus Robustness: the Case for Minimum Hellinger Distance
	and Related Methods},
  journal = {The Annals of Statistics, \normalfont{Hayward}},
  month={Sep.},
  year = {1994},
  volume = {22},
  number= {4},
  pages = {1081-1114}
  }

@ARTICLE{Lopuhaa,
  author = {H. P. Lopuha{\~a} and P. J. Rousseeuw},
  title = {Breakdown Points of Affine Equivariant Estimators of Multivariate Location and Covariance
Matrices},
  journal = {The Annals of Statistics, \normalfont{Hayward}},
  month={March.},
  year = {1991},
  volume = {19},
  number= {1},
  pages = {229-248}
  }

@ARTICLE{Maronna,
  author = {R. A. MARONNA},
  title = {Robust M-estimators of Multivariate Location and Scatter},
  journal = {The Annals of Statistics, \normalfont{Hayward}},
  month={Sep.},
  year = {1976},
  volume = {22},
  number= {4},
  pages = {51-56}
  }

@ARTICLE{Mendes,
  author = {B. V. M. Mendes and R. P. C. Leal},
  title = {Robust Multivariate Modeling in Finance},
  journal = {International Journal of Managerial Finance},
  month={},
  year = {June 2005},
  volume = {1},
  number= {2},
  pages = {95-107}
  }

@ARTICLE{Pan,
  author = {W. A. Pan},
  title = {Approximate confidence intervals for one proportion and difference
	of two proportions},
  journal = {Computational Statistic and Data Analysis},
  year = {2002},
  volume = {40},
  pages = {143-157},
  number = {1},
  month = {July},
  note = {Amsterdam}
 }

@ARTICLE{Pena,
  author = {D. Pe{\~n}a and F. J. Prieto},
  title = {Multivariate Outlier Detection and
Robust Covariance Matrix Estimation},
  journal = {Technometrics, \normalfont{Alexandria}},
  month = {Aug.},
  year = {2001},
  volume = {43},
 pages = {286-310},
  number = {3}
}

@ARTICLE{Pison,
  author = {G. Pison and V. Aelst and G. Willems},
  title = {Small sample corrections for \emph{LTS} and \emph{MCD}, \normalfont{New York}},
  journal = {Metrika},
  year = {Apr. 2002},
  volume = {55},
  pages = {111-123},
  number = {1/2}
}

@ARTICLE{Price,
  author = {M.R. Price and D. G. Bonett},
  title = {An improved confidence interval for a linear function of binomial
	proportions},
  journal = {Computational Statistic \& Data Analysis},
  year = {2004},
  volume = {45},
  pages = {449-456},
  note = {Amsterdam}

 }

@Manual{progr,
    title = {R: \normalfont{ A Language and Environment for Statistical Computing}},
    author = {{R DEVELOPMENT CORE TEAM}},
    organization = {R Foundation for Statistical Computing},
    address = {Vienna},
    year = {2010},
    url = {http://www.R-project.org},
     urlaccessdate={18 de junho. 2011},
    }


@ARTICLE{Ronchetti,
  author = {E. Ronchetti},
  title = {\normalfont{The historical development of robust statistics. In: INTERNATIONAL CONFERENCE OF TEACHING STATISTICAL, 7., 2006,
Salvador.} \bf{Proceeding...}},
  year = {2006},
  publisher = {\normalfont{Salvador: ICOTS, 2006. 1 CD-Rom}}},
  journal = {ICOTS 7}
  }

@ARTICLE{Rocke,
  author = {D. M. Rocke and D. L. Woodruff},
  title = {Identification of Outliers in Multivariate Data},
  journal = {Journal of the American Statistical Association, \normalfont{New York}},
  year = {1996},
  volume = {91},
  pages = {1047-1061},
  number = {},
  month = {Sep.}
}
@ARTICLE{Rouss84,
  author = {Peter J. Rousseeuw},
  title = {Least Median of Squares Regression},
  journal = {Journal of the American Statistical Association, \normalfont{New York}},
  year = {1984},
  volume = {79},
  pages = {871-880},
  number = {388},
  month = {Dec.}
}

@ARTICLE{Rouss85,
  author = {Peter J. Rousseeuw},
  title = {\normalfont{Multivariate Estimation with High Breakdown Point. In:GROSSMAN, W. et al.
  \textbf{Matematical Statistics and Applications}, Dordrecht: Reidel, 1985}},
  year = {1985},
 pages = {283-297},
 }
@ARTICLE{Rouss90,
  author = {P. J. Rousseeuw and B. C. Zomeren},
  title = {Unmasking multivariate outliers and leverage points},
  journal = {Journal of the American Statistical Association, \normalfont{New York}},
  month = {Sept.},
  year = {1990},
  volume = {85},
 pages = {633-651},
  number = {411}
 }

@ARTICLE{Rouss99,
  author = {P. J. Rousseeuw and K. V. Driessen},
  title = {Fast Algorithm for the Minimum Covariance Determinant Estimator},
  journal = {Technometrics, \normalfont{Alexandria}},
  month = {Aug.},
  year = {1999},
  volume = {41},
 pages = {212-223},
  number = {3}
 }

@ARTICLE{Rouss04,
  author = {P. J. Rousseeuw and S. V. Aelst and K. V. Driessen and J. Agull{\'o}},
  title = {Robust Multivariate Regression},
  journal = {Technometrics, \normalfont{Alexandria}},
  month = {Aug.},
  year = {2004},
  volume = {46},
 pages = {293-305},
  number = {3}
 }

@ARTICLE{Sakata95,
    author = {Shinichi Sakata and Halbert White},
    title = {An Alternative Definition of Finite Sample Breakdown Point with Applications to Regression Model Estimators},
    journal = {Journal of the American Statistical Association, \normalfont{New York}},
  month = {},
  year = {1995},
  volume = {90},
 pages = {1099-1106},
  number = {}
 }


 @ARTICLE{Simpson,
  author = {D. G. Simpson},
  title = {Minimum Hellinger Distance Estimation for the Analysis of Count Data},
  journal = {Journal of the American Statistical Association, \normalfont{New York}},
  month = {Sep.},
  year = {1987},
  volume = {82},
  pages = {802-807},
  number = {339}
}

@ARTICLE{Rouss91,
  author = {P. J. Rousseeuw and B. C. Zomeren},
  title = {\normalfont{Robust Distances: Simulations
and Cutoff Values. In: STAHEL, W.; WEISBERG, S. (Ed.)} \textbf{Directions In Robust Statistics and
Diagnostics:} \normalfont{part II. New York: Springer-Verlag, 1991}},
 pages = {195-203}
  }

@ARTICLE{Ruckstuhl,
  author = {A. F. Ruckstuhl and A. H. Welsh},
  title = {Robust Fitting of the Binomial Model},
  journal = {The Annals of Statistics, \normalfont{Hayward}},
  month = {Nov.},
  year = {2001},
  volume = {29},
  pages = {1117-1136},
  number = {4}
}
@ARTICLE{Theil,
  author = {H. Theil},
  title = {A rank-invariant method of linear and polynomial regression analysis},
  journal = {Verhandelingen der Koninklijke Nederlandsche Akademie van Wetenschappenes},
  month = {},
  year = {1950},
  volume = {53, pt. 1-3},
  pages = {386-392, p. 521-525, p. 1397-1412},
  number = {}
}

@ARTICLE{Todorov09,
  author = {V. Todorov and P. Filzmoser},
  title = {An Object-Oriented Framework for Robust Multivariate Analysis},
  journal = {Journal of Statistical Software, \normalfont{New York}},
  month = {Oct.},
  year = {2009},
  volume = {32},
  pages = {1-47},
  number = {3}
}

@ARTICLE{Victoria,
  author = {M.P. Victoria-Feser and E. Ronchetti},
  title = {Robust Estimation for Grouped Data},
  journal = {Journal of the American Statistical Association, \normalfont{New York}},
  year = {1997},
  volume = {92},
  pages = {333-340},
  number = {437},
  month = {March.}
}
@ARTICLE{Wood,
  author = {G.R. Wood and C.D. Lai and C.G. Qiao},
  title = {Estimation of a proportion using several independent samples of binomial
	mixtures},
  journal = {The Australian \& New Zealand Journal of Statistics},
  year = {2005},
  volume = {47},
  pages = {441-448},
  number = {4}
}

%###########################DISSERTAÇÕES###########################
@mastersthesis{Damiao,
    address={São Paulo, SP},
    author={J. E. F. Dami{\~a}o},
    pages={36},
    pagename={p.},
    school={Faculdade Ibmec São Paulo},
    title={Comparação de carteiras otimizadas segundo o critério média-variância através de estimativas
    robustas de risco e retorno. \normalfont{2007}},
    type={Mestrado em Economia},
    year={2007}
}

@mastersthesis{Luisa,
    address={Lavras, MG},
    author={L. P. Figueiredo},
    pages={81},
    pagename={p.},
    school={UFLA},
    title={Perfil sensorial e químico de genótipos  de cafeeiro Bourbon de
     diferentes origens geográficas. \normalfont{2010}},
    type={Mestrado em ciências dos Alimentos},
    year={2010}
}

@mastersthesis{Machado2,
    address={Campinas, SP},
    author={H. C. Machado},
    pages={153},
    pagename={p.},
    school={Instituto de Matemática,  Estatítica e Computação Científica da Universidade Estadual de Campinas},
    title={Detecção de Dados Atípicos e Métodos de Regressão com Alto Ponto de Ruptura.\normalfont{1997}},
    type={Mestrado em Estatística},
    year={1997}
}

@mastersthesis{Nogueira,
    address={São Paulo, SP},
    author={F. E. Nogueira},
    pages={96},
    pagename={p.},
    school={Instituto de Matemática e Estatítica da Universidade de  São Paulo.},
    title={Modelos de regressão multivariada. \normalfont{2007}},
    type={Mestrado em Ciências},
    year={2007}
}
@mastersthesis{Palacios,
    address={Campinas, SP},
    author={I. D. A. Palacios},
    pages={133},
    pagename={p.},
    school={Instituto de Matemática,  Estatítica e Computação Científica da Universidade Estadual de Campinas},
    title={Estimadores de regressão com alto ponto de ruptura e
    detecção de múltiplas observações discrepantes. \normalfont{1994}},
    type={Mestrado em Estatística},
    year={1994}
}
}
@mastersthesis{Paula,
    address={Rio de Janeiro},
    author={E. R Paula},
    pages={86},
    pagename={p.},
    school={Pontifícia Universidade Católica do Rio de Janeiro},
    title={Análise Condicionada da demanda de energia elétrica: Aplicação a um caso real. \normalfont{2006}},
    type={Mestrado em Engenharia Elétrica},
    year={2006}
}


@MASTERSTHESIS{Dannenhauer,
address = {Florianópolis},
AUTHOR = {Dannenhauer, C. E.},
TITLE =  {Desenvolvimento de um aplicativo computacional para microbiologia preditiva}  ,
SCHOOL = {Universidade Federal de Santa Catarina},
YEAR = {2010},
type = {Pós-Graduação em Engenharia de Alimentos},
}


@MASTERSTHESIS{Mundim,
address = {São Paulo},
AUTHOR = {Mundin, J. U. C.},
TITLE =  {Uso de simulação de eventos discretos para o dimensionamento de frota para colheita e transporte de cana-de-açúcar},
SCHOOL = {Escola Politécnica da Universidade de São Paulo, Departamento de Engenharia de Transportes},
YEAR = {2009},
type = {Pós-Graduação em Engenharia de Sistemas Logísticos},
}



@MASTERSTHESIS{Bastos,
address = {Lavras},
AUTHOR = {Bastos, R. L},
TITLE =  {Proposição de testes bootstrap para o índice de qualidade sensorial},
SCHOOL = {Universidade Federal de Lavras},
YEAR = {2013},
type = {Pós-Graduação em Estatística e experimentação Agropecuária},
}



%###########################TESES###########################
@phdthesis{Borgatto,
  address = {Piracicaba, SP.},
  author =       {BORGATTO, A. F.},
  pages={90},
  pagename={p.},
  school =       {Escola Superior de Agricultura Luiz de Queiroz, Universidade de São Paulo},
  title =        {Modelos para proporções com superdispersão e excesso de zeros: \normalfont{um
	procedimento Bayesiano}},
  type =         {Doutorado em Estatística e Experimentação Agronômica},
  year =         {2004}
}




%############################################################

%###########################LIVROS###########################
@BOOK{Barnett,
  title = {Outliers in statistical  data},
  publisher = {J. Wiley},
  year = {1994},
  author = {V. Barnett and T. Lewis},
  address = {Chichester},
  month = {Setembro},
  note = {604p},
  edition = {3th}
}

@BOOK{Bolfarine,
  title = {Introdução à inferência estatística},
  publisher = {Sociedade Brasileira de Matemática},
  year = {2001},
  author = {Heleno Bolfarine and Monica Carneiro Sandoval},
  series = {},
  address = {Rio de Janeiro},
  month = {Setembro},
  note = {123p}
}
@BOOK{Casella,
  title = {Inferência estatística},
  publisher = {Cengage Learning},
  edition = "2",
  year = {2010},
  author = {G. Casella and R. L. Berger},
  address = {São Paulo},
  note = {588p}
}




@BOOK{Steel,
  title = {Principles and procedures of statistics},
  publisher = {McGraw-Hill Book},
  edition = "2",
  year = {1980},
  author = { R. G. D. Steel and J. H. Torrie},
  address = {New York},
  note = {633p}
}

@BOOK{Montgomery,
  title = {Design and Analysis of Experiments},
  publisher = {John Wiley and Sons},
  edition = "3",
  year = {1991},
  author = {D. C. Montgomery},
  address = {New York},
  note = {649p}
}

@BOOK{Freund,
  title = {Estatística Aplicada: economia, administração e contabilidade},
  publisher = {Bookman},
  edition = "11",
  year = {2006},
  author = {J. E. Freund},
  address = {Porto Alegre},
  note = {536p}
}

@BOOK{Field,
  title = {Descobrindo a estatistica usando o SPSS},
  publisher = {Bookman},
  edition = "2",
  year = {2009},
  author = {A. Field},
  address = {Porto Alegre},
  note = {688p}
}



@BOOK{Naghettini,
  title = {Hidrologia estatística},
  publisher = {CPRM},
  year = {2007},
  author = {M. Naghettini and E. J. A. Pinto},
  address = {Belo Horizonte},
  note = {552p}
}

@BOOK{Cochran,
  title = {Experimental Designs},
  publisher = {John Wiley and Sons},
  edition = "2",
  year = {1992},
  author = {W. G. Cochran and G. M. Cox},
  address = {New York},
  note = {611p}
}

@BOOK{Pegden,
  title = { Introduction to simulation using SIMAN},
  publisher = {McGraw-Hill},
  edition = "2",
  year = {1995},
  author = {C. D. Pegden and R. E. Shannon and R. P. Sadowski},
  address = {New York},
}


@BOOK{Gomes,
 title = {Curso de Estatística Experimental},
  publisher = {Livraria Nobel S.A.},
  edition = "12",
  year = {1989},
  author = {F. P. Gomes},
  address = {São Paulo},
  note = {467p}
}

@BOOK{Meyer,
 title = {Probabilidade: aplicações à estatística},
  publisher = {Livros técnicos e Científicos},
  edition = "2",
  year = {1983},
  author = {P. L. Meyer},
  address = {Rio de Janeiro},
  }

@BOOK{BanzatoeKronka,
  title = {Experimentação Agrícola},
  publisher = {FUNEP},
  edition = "11",
  year = {1989},
  author = {D. A. Banzatto and S. N. Kronka},
  address = {Jaboticabal},
  note = {247p}
}

@BOOK{Draper,
  TITLE =        {Applied Regression Analysis},
  PUBLISHER =    {John Wiley},
  YEAR =         {1998},
  AUTHOR =       {Normam R. Draper and Harry Smith},
  pages =        {706},
  address =      {New York},
  edition =      {3th}
}




@BOOK{Ferreira,
  TITLE =        {Estatística Básica.},
  PUBLISHER =    {Editora UFLA},
  YEAR =         {2009},
  AUTHOR =       {D. F. Ferreira},
  pages =        {664},
  address =      {Lavras},
  edition =      "2"
}

@BOOK{Bussab,
  TITLE =        {Estatística Básica},
  PUBLISHER =    {Saraiva},
  YEAR =         {2004},
  AUTHOR =       {W. Bussab and P. A. Morettin},
  address =      {São Paulo},
  edition =      "5"
}

@BOOK{Triola,
  TITLE =        {Introdução à Estatística},
  PUBLISHER =    {LTC},
  YEAR =         {2013},
  AUTHOR =       {M. F. Triola},
  address =      {Rio de Janeiro},
  edition =      "11"
}

@BOOK{Vieira,
  TITLE =        {Análise de variância: ANOVA},
  PUBLISHER =    {Atlas},
  YEAR =         {2006},
  AUTHOR =       {S. Vieira},
  pages =        {204},
  address =      {São Paulo},
}

@BOOK{Dachs,
  TITLE =        {Estatística computacional: uma introdução em turbo pascal},
  PUBLISHER =    {LTC},
  YEAR =         {1988},
  AUTHOR =       {J. N. W. Dachs},
  address =      {Rio de Janeiro},
}

@BOOK{Muth,
  TITLE = {Basic Statistics and Pharmaceutical Statistical Applications},
  PUBLISHER =    {CRC Press},
  YEAR =         {2006},
  AUTHOR =       {J. E. Muth},
  pages =        {744},
  address =      {New York},
  edition = "2"
}



@BOOK{Hampel1,
  TITLE =        {The Approach Based
on Influence Functions},
  PUBLISHER =    {John Wiley},
  YEAR =         {1986},
  AUTHOR =       {F. R. Hampel and E. M. Ronchetti and P. J. Rousseeuw and  W. A. Stahel},
  pages =        {},
  address =      {New York},
  edition =      {}
}

@BOOK{Johnson,
  title = {Applied multivariate statistical analysis},
  publisher = {Prentice Hall},
  year = {2007},
  author = {R. A. Johnson and D. W. Wichern},
  pages = {793},
  address = {New Jersey},
  edition = {6th}
}
@BOOK{Johnson1,
  title = {Multivariate Statistical Simulation},
  publisher = {J. Wiley},
  year = {1987},
  author = {M. E. Johnson},
  pages = {},
  address = {New York},
  edition = {}
}

@BOOK{koenker,
  title = {Quantile Regression},
  publisher = {Cambridge University Press},
  year = {2005},
  author = {Roger Koenker},
  pages = {349},
  address = {New York},
  edition = {1th}
}


@BOOK{Mood,
  title = {Introduction to the theory of statistics},
  publisher = {McGraw Hill},
  year = {1974},
  author = {Alexander M. Mood and Franklin A. Graybill and Duane C. Boes},
  pages = {577},
  address = {New York},
  edition = "3"
}



@BOOK{Olive,
  title = {Applied Robust Statistics},
  url={http://www.math.siu.edu/olive/run.pdf},
  urlaccessdate={junho. 2011},
  year = {2008},
  author = {D. J. Olive},
  pages = {571},
  address = {Carbondale: Southern Illinois University}
  }

@BOOK{Rouss,
  title = {Robust Regression and Outlier Detection},
  publisher = {John Wiley},
  year = {1987},
  author = {Peter J. Rousseeuw and Annick M. Leroy},
  pages = {343},
  address = {New York},
  edition = {}
}




@BOOK{Staudte,
  title = {Robust estimation and testing},
  publisher = {John Wiley},
  year = {1990},
  author = {Robert G. Staudte and Simon J. Sheather},
  address = {New York},
  note = {351p}
}


@BOOK{mingoti2005,
  title = {Análise de dados através de métodos de estatística multivariada: uma abordagem aplicada},
  publisher = {Editora UFMG},
  year = {2005},
  author = {Mingoti, S. A.},
  address = {Belo Horizonte},
  note = {}
}

@book{everitt2011,
  title={An introduction to applied multivariate analysis with R},
  author={Everitt, Brian and Hothorn, Torsten},
  year={2011},
  address = {NY},
  publisher={Springer Science \& Business Media}
}

@book{ferreira2011,
  title={Estat{\'\i}stica multivariada},
  author={Ferreira, Daniel Furtado},
  year={2011},
  address = {Lavras},
  publisher={Editora UFLA},
  edition = "2"
}

@book{bartholomew2008,
  title={Analysis of multivariate social science data},
  author={Bartholomew, David J and Steele, Fiona and Galbraith, Jane and Moustaki, Irini},
  year={2008},
  address = {Boca Raton},
  publisher={CRC press}
}

@book{khatree2000,
  title={Multivariate data reduction and discrimination with SAS software},
  author={Khatree, R and Naik, D N},
  year={2000},
  address = {NC},
  publisher={SAS Institute Inc.}
}

@book{everittetal2011,
  title={Cluster analysis},
  author={B S Everitt and S Landau and M Leese and D Stahl},
  year={2011},
  address = {UK},
  publisher={John Wiley and Sons},
  edition = "5"
}

@article{milligan1985,
  title={An examination of procedures for determining the number of clusters in a data set},
  author={Milligan, Glenn W and Cooper, Martha C},
  journal={Psychometrika},
  volume={50},
  number={2},
  pages={159--179},
  year={1985},
  publisher={Springer}
}

@article{dimitriadou2002,
  title={An examination of indexes for determining the number of clusters in binary data sets},
  author={Dimitriadou, Evgenia and Dolni{\v{c}}ar, Sara and Weingessel, Andreas},
  journal={Psychometrika},
  volume={67},
  number={1},
  pages={137--159},
  year={2002},
  publisher={Springer}
}

@article{calinski1974,
  title={A dendrite method for cluster analysis},
  author={Cali{\'n}ski, Tadeusz and Harabasz, Jerzy},
  journal={Communications in Statistics - theory and methods},
  volume={3},
  number={1},
  pages={1--27},
  year={1974},
  publisher={Taylor and Francis}
}

@book{duda1973,
  title={Pattern classification and scene analysis},
  author={Duda, R O and Hart, P E},
  volume={3},
  year={1973},
  addres = {NY}
  publisher={John Wiley and sons}
}

@article{carvalho2007,
  title={Clusteriza{\c{c}}{\~a}o dos munic{\'\i}pios brasileiros},
  author={Carvalho, AY and Da Mata, Daniel and Resende, Guilherme Mendes},
  journal={Din{\^a}mica dos Munic{\'\i}pios, Bras{\'\i}lia: IPEA},
  year={2007}
}

@article{vasconcelos2012,
  title={Transi{\c{c}}{\~a}o demogr{\'a}fica: a experi{\^e}ncia brasileira},
  author={Vasconcelos, Ana Maria Nogales and Gomes, Mar{\'\i}lia Miranda Forte},
  journal={Epidemiologia e Servi{\c{c}}os de Sa{\'u}de},
  volume={21},
  number={4},
  pages={539--548},
  year={2012},
  publisher={Coordena{\c{c}}{\~a}o-Geral de Desenvolvimento da Epidemiologia em Servi{\c{c}}os/Secretaria de Vigil{\^a}ncia em Sa{\'u}de/Minist{\'e}rio da Sa{\'u}de}
}

@article{camarano2014,
  title={Novo regime demogr{\'a}fico: uma nova rela{\c{c}}{\~a}o entre popula{\c{c}}{\~a}o e desenvolvimento?},
  author={Camarano, Ana Am{\'e}lia Organizadora},
  year={2014},
  publisher={Instituto de Pesquisa Econ{\^o}mica Aplicada (Ipea)}
}

@article{caetano2008,
  title={Previd{\^e}ncia social e distribui{\c{c}}{\~a}o regional da renda},
  author={Caetano, Marcelo Abi-Ramia},
  year={2008},
  publisher={Instituto de Pesquisa Econ{\^o}mica Aplicada (Ipea)}
}

@book{franca2004,
  title={Previd{\^e}ncia social e a economia dos munic{\'\i}pios},
  author={de Fran{\c{c}}a, {\'A}lvaro S{\'o}lon},
  year={2004},
  address={Brasília},
  publisher={Anfip},
  edition = "5"  
}

@article{reis2013,
  title={Previd{\^e}ncia social e desenvolvimento socioecon{\^o}mico: impactos nos munic{\'\i}pios de pequeno porte de Minas Gerais},
  author={da Costa Reis, Paulo Ricardo and Silveira, Suely de F{\'a}tima Ramos and Braga, Marcelo Jos{\'e}},
  journal={RAP: Revista Brasileira de Administra{\c{c}}{\~a}o P{\'u}blica},
  volume={47},
  number={3},
  year={2013},
  publisher={SciELO Brasil}
}

@book{kaufman2009,
  title={Finding groups in data: an introduction to cluster analysis},
  author={Kaufman, Leonard and Rousseeuw, Peter J},
  volume={344},
  year={2009},
  publisher={John Wiley \& Sons}
}

@article{tibshirani2001,
  title={Estimating the number of clusters in a data set via the gap statistic},
  author={Tibshirani, Robert and Walther, Guenther and Hastie, Trevor},
  journal={Journal of the Royal Statistical Society: Series B (Statistical Methodology)},
  volume={63},
  number={2},
  pages={411--423},
  year={2001},
  publisher={Wiley Online Library}
}